

@article{measures,
Author = {V. A. Kalyagin and A. P. Koldanov and P. A. Koldanov and P. M. Pardalos and V. A. Zamaraev},
Title = {Measures of uncertainty in market network analysis},
Year = {2013},
Eprint = {arXiv:1311.2273},
Doi = {10.1016/j.physa.2014.06.054},
}

@article{signs,
author = {Bautin, Grigory and Kalyagin, Valery and Koldanov, Alexander and Koldanov, Petr and Pardalos, Panos},
year = {2013},
month = {06},
pages = {},
title = {Simple measure of similarity for the market graph construction},
volume = {10},
journal = {Computational Management Science},
doi = {10.1007/s10287-013-0169-3}
}

@article{chinese_analysis,
author = {Huang, Wei-Qiang and Zhuang, Xin-Tian and Yao, Shuang},
year = {2009},
month = {07},
pages = {2956-2964},
title = {A network analysis of the Chinese stock market},
volume = {388},
journal = {Physica A-statistical Mechanics and Its Applications - PHYSICA A},
doi = {10.1016/j.physa.2009.03.028}
}

@article{russian_analysis,
author = {Vizgunov, Arseniy and Goldengorin, Boris and Kalyagin, Valeriy and Koldanov, A. and Koldanov, Petr and Pardalos, Panos},
year = {2014},
month = {04},
pages = {},
title = {Network approach for the Russian stock market},
volume = {11},
journal = {Computational Management Science},
doi = {10.1007/s10287-013-0165-7}
}

@article{intro_1,
author = {Wang, Gang-Jin and Xie, Chi and Chen, Shou},
year = {2017},
month = {10},
pages = {561-594},
title = {Multiscale correlation networks analysis of the US stock market: A wavelet analysis},
volume = {12},
journal = {Journal of Economic Interaction and Coordination},
doi = {10.1007/s11403-016-0176-x}
}

@article{intro_2,
author = {Memon, Bilal and Yao, Hong and Tahir, Rabia},
year = {2020},
month = {01},
pages = {},
title = {General election effect on the network topology of Pakistan’s stock market: network-based study of a political event},
volume = {6},
journal = {Financial Innovation},
doi = {10.1186/s40854-019-0165-x}
}

@article{intro_3,
author = {Pereira, Eder and Ferreira, Paulo and Fernandes, Marcus and Miranda, José Garcia and Pereira, Hernane},
year = {2019},
month = {05},
pages = {121542},
title = {Multiscale network for 20 stock markets using DCCA},
journal = {Physica A: Statistical Mechanics and its Applications},
doi = {10.1016/j.physa.2019.121542}
}

@article{mst,
Author = {Rosario N. Mantegna},
Title = {Hierarchical Structure in Financial Markets},
Year = {1998},
Eprint = {arXiv:cond-mat/9802256},
Doi = {10.1007/s100510050929},
}

@book{mst2,
author = {Mantegna, Rosario and Stanley, H.},
year = {2000},
month = {12},
pages = {},
title = {An Introduction to Econophysics: Correlations and Complexity in Finance},
volume = {53},
journal = {Nature},
doi = {10.1063/1.1341926}
}

@MISC{mg,
    author = {Vladimir Boginski and Sergiy Butenko and Panos M. Pardalos},
    title = {On Structural Properties of the Market Graph},
    year = {2003}
}

@MISC{anderson,
    author = {Anderson TW},
    title = {An introduction to multivariate statistical analysis},
    year = {1957},
    publisher = {Wiley, New York}
}

@INPROCEEDINGS{t-distrib,
  author={Z. I. {Botev} and P. {L'Ecuyer}},
  booktitle={2015 Winter Simulation Conference (WSC)}, 
  title={Efficient probability estimation and simulation of the truncated multivariate student-t distribution}, 
  year={2015},
  volume={},
  number={},
  pages={380-391}
  }
  
@article{kruskal,
  author = {Kruskal J.B.},
  year = {1956},
  pages = {48-50},
  title = {On the Shortest Spanning Subtree of a Graph and the Traveling Salesman Problem},
  volume = {7},
  journal = {Proceedings of the American Mathematical Society},
}


@article{maximum-clique,
author = {Bron, Coen and Kerbosch, Joep},
title = {Algorithm 457: Finding All Cliques of an Undirected Graph},
year = {1973},
issue_date = {Sept. 1973},
publisher = {Association for Computing Machinery},
address = {New York, NY, USA},
volume = {16},
number = {9},
issn = {0001-0782},
url = {https://doi.org/10.1145/362342.362367},
doi = {10.1145/362342.362367},
journal = {Commun. ACM},
month = sep,
pages = {575–577},
numpages = {3}
}